<?xml version="1.0" encoding="UTF-8"?><record xmlns="http://www.loc.gov/MARC21/slim" xmlns:cinclude="http://apache.org/cocoon/include/1.0" xmlns:zs="http://www.loc.gov/zing/srw/">
  <leader>00682cz  a2200169n  4500</leader>
  <controlfield tag="001">n 2009022925</controlfield>
  <controlfield tag="003">DLC</controlfield>
  <controlfield tag="005">20090415075148.0</controlfield>
  <controlfield tag="008">090414n| acannaabn          |b ana      </controlfield>
  <datafield tag="010" ind1=" " ind2=" ">
    <subfield code="a">n 2009022925</subfield>
  </datafield>
  <datafield tag="040" ind1=" " ind2=" ">
    <subfield code="a">DLC</subfield>
    <subfield code="b">eng</subfield>
    <subfield code="c">DLC</subfield>
  </datafield>
  <datafield tag="110" ind1="2" ind2=" ">
    <subfield code="a">Fo guang yuan mei shu guan</subfield>
  </datafield>
  <datafield tag="410" ind1="2" ind2=" ">
    <subfield code="a">Fo Guang Yuan Art Gallery</subfield>
  </datafield>
  <datafield tag="410" ind1="2" ind2=" ">
    <subfield code="a">佛光緣美術館</subfield>
  </datafield>
  <datafield tag="667" ind1=" " ind2=" ">
    <subfield code="a">Non-Latin script reference not evaluated.</subfield>
  </datafield>
  <datafield tag="670" ind1=" " ind2=" ">
    <subfield code="a">Jia shen nian diao mu qiao yi te zhan, 2004:</subfield>
    <subfield code="b">p. 7 (佛光緣美術館 = Fo guang yuan mei shu guan)</subfield>
  </datafield>
  <datafield tag="670" ind1=" " ind2=" ">
    <subfield code="a">Chinese Association of Museums WWW site, Apr. 14, 2009:</subfield>
    <subfield code="b">(佛光緣美術館 = Fo guang yuan mei shu guan; Fo Guang Yuan Art Gallery; located in Pʻing-tung shih)</subfield>
  </datafield>
</record>